@online{DBengines,
  author   = {DB-engines},
  title    = {DB-Engines Ranking},
  url      = {https://db-engines.com/en/ranking},
  addendum = {(accessed: 20.05.2023)},
  keywords = {MySQL,ranking}
}

@online{Integrate.io,
  author   = {Abe Dearmer},
  title    = {Oracle vs. MySQL: Detailed Comparison of Syntax},
  url      = {https://www.integrate.io/blog/oracle-vs-mysql/},
  addendum = {(accessed: 20.05.2023)},
  keywords = {MySQL,Oracle}
}

@online{MVC,
  author   = {Neo Ighodaro},
  title    = {How Laravel implements MVC and how to use it effectively},
  url      = {https://pusher.com/blog/laravel-mvc-use/},
  addendum = {(accessed: 20.05.2023)},
  keywords = {MVC,Laravel}
}

@online{StackoverflowSurvey,
  author   = {Stackoverflow},
  title    = {2022 Developper Survey - most popular technologies webframe},
  url      = {https://survey.stackoverflow.co/2022/#most-popular-technologies-webframe},
  addendum = {(accessed: 20.05.2023)},
  keywords = {web,frameworks, survey}
}

@online{Radix,
  author   = {Jigar Shah},
  title    = {GitHub vs GitLab: Which is the Best in 2023? Differences and Similarities},
  url      = {https://radixweb.com/blog/github-vs-gitlab},
  addendum = {(accessed: 20.05.2023)},
  keywords = {GitHub, GitLab}
}

@online{ConventionalCommits,
  author   = {Conventional Commits},
  title    = {Conventional Commits : A specification for adding human and machine readable meaning to commit messages},
  url      = {https://www.conventionalcommits.org/en/v1.0.0/},
  addendum = {(accessed: 20.05.2023)},
  keywords = {commit, Conventional}
}

@online{SocialiteProviders,
  author   = {Socialite Providers},
  title    = {Keycloak},
  url      = {https://socialiteproviders.com/Keycloak/},
  addendum = {(accessed: 20.04.2023)},
  keywords = {Keycloak, Laravel}
}

@online{FablabName,
  author   = {Yves Chevallier},
  title    = {Fablab-name},
  url      = {https://github.com/heig-vd-tin/fablab-name},
  addendum = {(accessed: 20.04.2023)},
  keywords = {Keycloak, Laravel}
}

@online{MySQL,
  author   = {MySQL},
  title    = {Documentation de Mysql},
  url      = {https://www.mysql.com/fr/},
  addendum = {(accessed: 26.04.2023)},
  keywords = {MySql, documentation}
}

@online{Laravel,
  author   = {Laravel},
  title    = {Documentation de Laravel},
  url      = {https://laravel.com/docs/10.x},
  addendum = {(accessed: 26.04.2023)},
  keywords = {Laravel, documentation}
}

@online{Vuejs,
  author   = {Vue.js},
  title    = {Documentation de Vue.js},
  url      = {https://vuejs.org/guide/introduction.html},
  addendum = {(accessed: 26.04.2023)},
  keywords = {Vue.js, documentation}
}

@online{TailwindCSS,
  author   = {TailwindCSS},
  title    = {Documentation de TailwindCSS},
  url      = {https://tailwindcss.com/docs/installation},
  addendum = {(accessed: 26.04.2023)},
  keywords = {TailwindCSS, documentation}
}

@online{Docker,
  author   = {Docker},
  title    = {Documentation de Docker},
  url      = {https://docs.docker.com/},
  addendum = {(accessed: 26.04.2023)},
  keywords = {Docker, documentation}
}

@online{Keycloak,
  author   = {Keycloak},
  title    = {Keycloak},
  url      = {https://www.keycloak.org/},
  addendum = {(accessed: 26.04.2023)},
  keywords = {Keycloak, documentation}
}

@online{StatusCode,
  author   = {MDN},
  title    = {Codes de r√©ponse HTTP},
  url      = {https://developer.mozilla.org/fr/docs/Web/HTTP/Status},
  addendum = {(accessed: 26.06.2023)},
  keywords = {HTTP, status code}
}

@online{HelperLaravel,
  author   = {Techsolutionstuff},
  title    = {Laravel 10 Create Custom Helper Function},
  url      = {https://techsolutionstuff.com/post/laravel-10-create-custom-helper-function},
  addendum = {(accessed: 17.07.2023)},
  keywords = {Laravel, Helper}
}

@online{RemoteCodeCompiler,
  author   = {zakariamaaraki},
  title    = {Remote Code Compiler},
  url      = {https://github.com/zakariamaaraki/RemoteCodeCompiler},
  addendum = {(accessed: 01.07.2023)},
  keywords = {Remote, Compiler}
}

@online{supermemo,
  author   = {supermemo},
  title    = {Application of a computer to improve the results obtained in working with the SuperMemo method},
  url      = {https://www.supermemo.com/en/blog/application-of-a-computer-to-improve-the-results-obtained-in-working-with-the-supermemo-method},
  addendum = {(accessed: 17.07.2023)},
  keywords = {supermemo}
}

@online{middlewareVuejs,
  author   = {Santosh Yadav et Archita Nayak},
  title    = {How to Implement Middleware Pipeline in VueJS?},
  url      = {https://www.bacancytechnology.com/blog/implement-middleware-pipeline-in-vuejs},
  addendum = {(accessed: 07.07.2023)},
  keywords = {middleware, vuejs}
}

@online{stackoverflow,
  author   = {Stackoverflow},
  title    = {Stackoverflow},
  url      = {https://stackoverflow.com/},
  addendum = {(accessed: 2023)},
  keywords = {stackoverflow}
}

@online{vueRouter,
  author   = {Vue Router},
  title    = {Vue Router},
  url      = {https://router.vuejs.org/},
  addendum = {(accessed: 2023)},
  keywords = {router, vuejs}
}

@online{pinia,
  author   = {Pinia},
  title    = {Pinia},
  url      = {https://pinia.vuejs.org/},
  addendum = {(accessed: 2023)},
  keywords = {pinia, vuejs}
}

@online{flowbite,
  author   = {Flowbite},
  title    = {Flowbite},
  url      = {https://flowbite.com/},
  addendum = {(accessed: 2023)},
  keywords = {flowbite, tailwind}
}

@online{plateformeTB,
  author   = {HEIG-VD},
  title    = {Travaux de bachelor HEIG-VD},
  url      = {https://tb.heig-vd.ch/},
  addendum = {(accessed: 2023)},
  keywords = {TB}
}